@article{perea2015sliding,
  title={Sliding windows and persistence: An application of topological methods to signal analysis},
  author={Perea, Jose A and Harer, John},
  journal={Foundations of Computational Mathematics},
  volume={15},
  number={3},
  pages={799--838},
  year={2015},
  publisher={Springer}
}


@article{carlsson2008local,
  title={On the local behavior of spaces of natural images},
  author={Carlsson, Gunnar and Ishkhanov, Tigran and De Silva, Vin and Zomorodian, Afra},
  journal={International journal of computer vision},
  volume={76},
  number={1},
  pages={1--12},
  year={2008},
  publisher={Springer}
}

@article{topaz2015topological,
  title={Topological data analysis of biological aggregation models},
  author={Topaz, Chad M and Ziegelmeier, Lori and Halverson, Tom},
  journal={PloS one},
  volume={10},
  number={5},
  pages={e0126383},
  year={2015},
  publisher={Public Library of Science}
}

@article{ghrist2008barcodes,
  title={Barcodes: the persistent topology of data},
  author={Ghrist, Robert},
  journal={Bulletin of the American Mathematical Society},
  volume={45},
  number={1},
  pages={61--75},
  year={2008}
}


@book{hollander2013nonparametric,
  title={Nonparametric statistical methods},
  author={Hollander, Myles and Wolfe, Douglas A and Chicken, Eric},
  volume={751},
  year={2013},
  publisher={John Wiley \& Sons}
}

@article{amnarttrakul2011new,
  title={New statistics for detection of outliers using the last few principal components},
  author={Amnarttrakul, Rungrawee and Thongteeraparp, Ampai and others},
  journal={Science Asia},
  volume={37},
  pages={355--359},
  year={2011}
}


@book{anton2013elementary,
  title={Elementary linear algebra: applications version},
  author={Anton, Howard and Rorres, Chris},
  year={2013},
  publisher={John Wiley \& Sons}
}

@article{tyler2009invariant,
  title={Invariant co-ordinate selection},
  author={Tyler, David E and Critchley, Frank and D{\"u}mbgen, Lutz and Oja, Hannu},
  journal={Journal of the Royal Statistical Society: Series B (Statistical Methodology)},
  volume={71},
  number={3},
  pages={549--592},
  year={2009},
  publisher={Wiley Online Library}
}

@Manual{tsutils,
    title = {tsutils: Time Series Exploration, Modelling and Forecasting},
    author = {Nikolaos Kourentzes},
    year = {2019},
    note = {R package version 0.9.0},
    url = {https://CRAN.R-project.org/package=tsutils},
}
 
@Manual{tidyr,
    title = {tidyr: Tidy Messy Data},
    author = {Hadley Wickham and Lionel Henry},
    year = {2020},
    note = {R package version 1.0.2},
    url = {https://CRAN.R-project.org/package=tidyr},
}

@Manual{dplyr,
    title = {dplyr: A Grammar of Data Manipulation},
    author = {Hadley Wickham and Romain Fran\c{c}ois and Lionel Henry and Kirill M\"uller},
    year = {2019},
    note = {R package version 0.8.3},
    url = {https://CRAN.R-project.org/package=dplyr},
}

@Article{reshape2,
    title = {Reshaping Data with the {reshape} Package},
    author = {Hadley Wickham},
    journal = {Journal of Statistical Software},
    year = {2007},
    volume = {21},
    number = {12},
    pages = {1--20},
    url = {http://www.jstatsoft.org/v21/i12/},
}

@Article{pROC,
    title = {pROC: an open-source package for R and S+ to analyze and compare ROC curves},
    author = {Xavier Robin and Natacha Turck and Alexandre Hainard and Natalia Tiberti and Frédérique Lisacek and Jean-Charles Sanchez and Markus Müller},
    year = {2011},
    journal = {BMC Bioinformatics},
    volume = {12},
    pages = {77},
 }


@Book{DMwR,
    title = {Data Mining with R, learning with case studies},
    author = {L. Torgo},
    publisher = {Chapman and Hall/CRC},
    year = {2010},
    url = {http://www.dcc.fc.up.pt/~ltorgo/DataMiningWithR},
}

@Manual{isolationForest,
    title = {IsolationForest: Isolation Forest},
    author = {Fei Tony Liu},
    year = {2009},
    note = {R package version 0.0-26/r4},
    url = {https://R-Forge.R-project.org/projects/iforest/},
}

@Manual{tidyverse,
    title = {tidyverse: Easily Install and Load the 'Tidyverse'},
    author = {Hadley Wickham},
    year = {2017},
    note = {R package version 1.2.1},
    url = {https://CRAN.R-project.org/package=tidyverse},
}


@Manual{FNN,
    title = {FNN: Fast Nearest Neighbor Search Algorithms and Applications},
    author = {Alina Beygelzimer and Sham Kakadet and John Langford and Sunil Arya and David Mount and Shengqiao Li},
    year = {2018},
    note = {R package version 1.1.2.2},
    url = {https://CRAN.R-project.org/package=FNN},
}

@Manual{pracma,
    title = {pracma: Practical Numerical Math Functions},
    author = {Hans W. Borchers},
    year = {2019},
    note = {R package version 2.2.9},
    url = {https://CRAN.R-project.org/package=pracma},
 }

@Manual{dobin,
title = {dobin: Dimension Reduction for Outlier Detection},
author = {Sevvandi Kandanaarachchi},
year = {2019},
note = {R package version 1.0.2},
url = {https://CRAN.R-project.org/package=dobin},
}


@inproceedings{keller2012hics,
  title={HiCS: High contrast subspaces for density-based outlier ranking},
  author={Keller, Fabian and Muller, Emmanuel and Bohm, Klemens},
  booktitle={2012 IEEE 28th international conference on data engineering},
  pages={1037--1048},
  year={2012},
  organization={IEEE}
}

@article{aggarwal2001outlier,
  title={Outlier detection for high dimensional data},
  author={Aggarwal, Charu C and Yu, Philip S},
  journal={ACM Sigmod Record},
  volume={30},
  number={2},
  pages={37--46},
  year={2001},
  organization={ACM}
}

@inproceedings{kriegel2009loop,
  title={LoOP: local outlier probabilities},
  author={Kriegel, Hans-Peter and Kr{\"o}ger, Peer and Schubert, Erich and Zimek, Arthur},
  booktitle={Proceedings of the 18th ACM conference on Information and knowledge management},
  pages={1649--1652},
  year={2009},
  organization={ACM}
}

@article{goldstein2016comparative,
    author = {Goldstein, Markus AND Uchida, Seiichi},
    journal = {PLOS ONE},
    publisher = {Public Library of Science},
    title = {A Comparative Evaluation of Unsupervised Anomaly Detection Algorithms for Multivariate Data},
    year = {2016},
    month = {04},
    volume = {11},
    pages = {1-31},
    number = {4},
    doi = {10.1371/journal.pone.0152173}
}

@article{campos2016evaluation,
	title={On the evaluation of unsupervised outlier detection: measures, datasets, and an empirical study},
	author={Campos, Guilherme O and Zimek, Arthur and Sander, J{\"o}rg and Campello, Ricardo JGB and Micenkov{\'a}, Barbora and Schubert, Erich and Assent, Ira and Houle, Michael E},
	journal={Data Mining and Knowledge Discovery},
	volume={30},
	number={4},
	pages={891--927},
	year={2016},
	publisher={Springer}
}

@misc{datasets,
    title={Datasets for outlier detection}, url={https://monash.figshare.com/articles/Datasets\_12338\_zip/7705127/4}, DOI={10.26180/5c6253c0b3323}, publisher={figshare}, author={Kandanaarachchi, Sevvandi and Mu{\~n}oz Acosta, Mario and Smith-Miles, Kate and Hyndman, Rob}, year={2019}, month={Feb}
}

 @Article{tidytext,
    title = {tidytext: Text Mining and Analysis Using Tidy Data Principles in R},
    author = {Julia Silge and David Robinson},
    doi = {10.21105/joss.00037},
    url = {http://dx.doi.org/10.21105/joss.00037},
    year = {2016},
    publisher = {The Open Journal},
    volume = {1},
    number = {3},
    journal = {JOSS},
 }

@misc{gutenberg,
  title = {Project Gutenberg},
  howpublished = {\url{http://www.gutenberg.org}},
  note = {Accessed: 2019-08-30}
}

@Article{igraph,
    title = {The igraph software package for complex network research},
    author = {Gabor Csardi and Tamas Nepusz},
    journal = {InterJournal},
    volume = {Complex Systems},
    pages = {1695},
    year = {2006},
    url = {http://igraph.org},
  }

@Manual{sombrero,
    title = {SOMbrero: SOM Bound to Realize Euclidean and Relational Outputs},
    author = {Nathalie Vialaneix and Jerome Mariette and Madalina Olteanu and Fabrice Rossi and Laura Bendhaiba and Julie Bolaert},
    year = {2019},
    note = {R package version 1.2-4},
}


@article{john1983graphical,
  title={Graphical methods for data analysis},
  author={John Chambers and Cleveland, William and Kleiner, Beat and Tukey, Paul},
  journal={Pacific Grove: Wadsworth},
  pages={158--62},
  year={1983}
}


@techreport{atkinson1985plots,
  title={Plots, transformations and regression; an introduction to graphical methods of diagnostic regression analysis},
  author={Atkinson, Anthony Curtes},
  year={1985},
  publisher={Clarendon Press, Oxford University Press}
}

@article{yaminiviolent,
  title={A VIOLENT CRIME ANALYSIS USING FUZZY C-MEANS CLUSTERING APPROACH},
  author={Yamini, M Premasundariand C},
  journal={ICTACT Journal on Soft Computing},
  pages={1939-1944},
  year={2019},
  volume={9},
  number={3},
}

@article{sarkar2008labels,
  title={Labels and legends},
  author={Sarkar, Deepayan},
  journal={Lattice: Multivariate Data Visualization with R},
  pages={151--163},
  year={2008},
  publisher={Springer}
}
  @Manual{gridextra,
    title = {gridExtra: Miscellaneous Functions for "Grid" Graphics},
    author = {Baptiste Auguie},
    year = {2017},
    note = {R package version 2.3},
    url = {https://CRAN.R-project.org/package=gridExtra},
  }


@Manual{graphics,
    title = {R: A Language and Environment for Statistical Computing},
    author = {{R Core Team}},
    organization = {R Foundation for Statistical Computing},
    address = {Vienna, Austria},
    year = {2018},
    url = {https://www.R-project.org/},
  }


@Manual{datasetsRpack,
    title = {R: A Language and Environment for Statistical Computing},
    author = {{R Core Team}},
    organization = {R Foundation for Statistical Computing},
    address = {Vienna, Austria},
    year = {2019},
    url = {https://www.R-project.org/},
  }

@book{bailey1995interactive,
  title={Interactive spatial data analysis},
  author={Bailey, Trevor C and Gatrell, Anthony C},
  volume={413},
  year={1995},
  publisher={Longman Scientific \& Technical Essex}
}

@Manual{O3Rpack,
    title = {OutliersO3: Draws Overview of Outliers (O3) Plots},
    author = {Antony Unwin},
    year = {2019},
    note = {R package version 0.6.2},
    url = {https://CRAN.R-project.org/package=OutliersO3},
}


@Book{ggplot2,
    author = {Hadley Wickham},
    title = {ggplot2: Elegant Graphics for Data Analysis},
    publisher = {Springer-Verlag New York},
    year = {2016},
    isbn = {978-3-319-24277-4},
    url = {http://ggplot2.org},
}

@Manual{mbgraphic,
    title = {mbgraphic: Measure Based Graphic Selection},
    author = {Katrin Grimm},
    year = {2019},
    note = {R package version 1.0.1},
    url = {https://CRAN.R-project.org/package=mbgraphic},
}


@article{rousseeuw2018detecting,
  title={Detecting deviating data cells},
  author={Rousseeuw, Peter J and Bossche, Wannes Van Den},
  journal={Technometrics},
  volume={60},
  number={2},
  pages={135--145},
  year={2018},
  publisher={Taylor \& Francis}
}


@article{vakili2014finding,
  title={Finding multivariate outliers with FastPCS},
  author={Vakili, Kaveh and Schmitt, Eric},
  journal={Computational Statistics \& Data Analysis},
  volume={69},
  pages={54--66},
  year={2014},
  publisher={Elsevier}
}


@article{rousseeuw1999fast,
  title={A fast algorithm for the minimum covariance determinant estimator},
  author={Rousseeuw, Peter J and Driessen, Katrien Van},
  journal={Technometrics},
  volume={41},
  number={3},
  pages={212--223},
  year={1999},
  publisher={Taylor \& Francis Group}
}


@article{brys2005robustification,
  title={A robustification of independent component analysis},
  author={Brys, Guy and Hubert, Mia and Rousseeuw, PJ},
  journal={Journal of Chemometrics: A Journal of the Chemometrics Society},
  volume={19},
  number={5-7},
  pages={364--375},
  year={2005},
  publisher={Wiley Online Library}
}


@Manual{robustX,
    title = {robustX: Functionality for Robust Statistics},
    author = {Werner Stahel and Martin Maechler and potentially others},
    year = {2017},
    note = {R package version 1.2-2},
    url = {https://CRAN.R-project.org/package=robustX},
  }

@article{billor2000bacon,
  title={BACON: blocked adaptive computationally efficient outlier nominators},
  author={Billor, Nedret and Hadi, Ali S and Velleman, Paul F},
  journal={Computational statistics \& data analysis},
  volume={34},
  number={3},
  pages={279--298},
  year={2000},
  publisher={Elsevier}
}


@article{wilkinson2017visualizing,
  title={Visualizing big data outliers through distributed aggregation},
  author={Wilkinson, Leland},
  journal={IEEE transactions on visualization and computer graphics},
  volume={24},
  number={1},
  pages={256--266},
  year={2017},
  publisher={IEEE}
}

@article{unwin2019multivariate,
  title={Multivariate outliers and the {O}3 Plot},
  author={Unwin, Antony},
  journal={Journal of Computational and Graphical Statistics},
  pages={1--11},
  year={2019},
  publisher={Taylor \& Francis}
}


@inproceedings{hyndman2015large,
  title={Large-scale unusual time series detection},
  author={Hyndman, Rob J and Wang, Earo and Laptev, Nikolay},
  booktitle={2015 IEEE international conference on data mining workshop (ICDMW)},
  pages={1616--1619},
  year={2015},
  organization={IEEE}
}

@article{talagala2019anomaly,
  title={Anomaly detection in streaming nonstationary temporal data},
  author={Talagala, Priyanga Dilini and Hyndman, Rob J and Smith-Miles, Kate and Kandanaarachchi, Sevvandi and Mu{\~n}oz, Mario A},
  journal={Journal of Computational and Graphical Statistics},
  note={just-accepted},
  pages={1--28},
  year={2019},
  publisher={Taylor \& Francis}
}

@article{zimek2012survey,
  title={A survey on unsupervised outlier detection in high-dimensional numerical data},
  author={Zimek, Arthur and Schubert, Erich and Kriegel, Hans-Peter},
  journal={Statistical Analysis and Data Mining: The ASA Data Science Journal},
  volume={5},
  number={5},
  pages={363--387},
  year={2012},
  publisher={Wiley Online Library}
}

@article{kandanaarachchi2018normalization,
  title={On normalization and algorithm selection for unsupervised outlier detection},
  author={Kandanaarachchi, Sevvandi and Mu{\~n}oz, Mario A and Hyndman, Rob J and Smith-Miles, Kate},
  journal={Data Mining and Knowledge Discovery},
  pages={1--46},
  year={2019},
  publisher={Springer}
}

@article{breunig2000lof,
	title={{LOF}: identifying density-based local outliers},
	author={Breunig, Markus M and Kriegel, Hans-Peter and Ng, Raymond T and Sander, J{\"o}rg},
	journal={ACM Sigmod Record},
	volume={29},
	number={2},
	pages={93--104},
	year={2000},
	organization={ACM}
}


@article{ramaswamy2000efficient,
	title={Efficient algorithms for mining outliers from large data sets},
	author={Ramaswamy, Sridhar and Rastogi, Rajeev and Shim, Kyuseok},
	journal={ACM Sigmod Record},
	volume={29},
	number={2},
	pages={427--438},
	year={2000},
	organization={ACM}
}


@inproceedings{liu2008isolation,
  title={Isolation forest},
  author={Liu, Fei Tony and Ting, Kai Ming and Zhou, Zhi-Hua},
  booktitle={2008 Eighth IEEE International Conference on Data Mining},
  pages={413--422},
  year={2008},
  organization={IEEE}
}

@Manual{hdoutliers,
title = {HDoutliers: Leland Wilkinson's Algorithm for Detecting Multidimensional
Outliers},
author = {Chris Fraley},
year = {2018},
note = {R package version 1.0},
url = {https://CRAN.R-project.org/package=HDoutliers},
}
  
@book{rousseeuw2005,
  title={Robust regression and outlier detection},
  author={Rousseeuw, Peter J and Leroy, Annick M},
  year={2005},
  publisher={John wiley \& sons}
}


@misc{kaggle_dat_cc_fraud, 
    title={Credit Card Fraud Detection}, url={https://www.kaggle.com/mlg-ulb/creditcardfraud}, 
    author={Kaggle and Machine-Learning-Group},
    year={2018}, month={Mar}
}
%journal={Kaggle}, 